
@online{picture,
	title={Logic Gates And Truth Table}
	url{https://th.bing.com/th/id/OIP.y976eJLe4t2M44zrbiHmGQHaIt?pid=ImgDet&rs=1}
}

	@online{logicgates2021,
		title={GST 108 Class 3 Logic Gates[PowerPoint Slides]},
		author={Okoacha, G.},
		organization{PAUelearning}
		url = {website:https://elearning.pau.edu.ngl},
}
	
@article{logicgates,
		title={GST 108 Class 3 Logic Gates[PowerPoint Slides]},
		author={Okoacha, G.},
		volume = {1},
		pages = { 2--25},

}