
@online{picture,
	title={Logic Gates And Truth Table}
	OPTurl{https://th.bing.com/th/id/OIP.y976eJLe4t2M44zrbiHmGQHaIt?pid=ImgDet&rs=1}
}

	@online{logicgates2021,
		title={GST 108 Class 3 Logic Gates[PowerPoint Slides]},
		author={Okoacha, G.},
		organization{PAUelearning}
		howpublished={\url{https://elearning.pau.edu.ngl}}
}
	
