@article{ManagingMoney2021,
	title={GST 101 Week 8 Managing Money},
	author= {Lect. Grace Okoacha},
	pages={1-12},
}